
    <record>
        <leader>00000nz  a2200169   4500</leader>
        <controlfield tag="001">30003868</controlfield>
        <controlfield tag="003">RISM</controlfield>
        <controlfield tag="005">20160216</controlfield>
        <controlfield tag="008">160216n||az|||||||##########||||||||||||</controlfield>
        <datafield tag="040" ind1=" " ind2=" ">
            <subfield code="a">AFG-Kpr</subfield>
        </datafield>
        <datafield tag="043" ind1=" " ind2=" ">
            <subfield code="c">XB-AF</subfield>
        </datafield>
        <datafield tag="110" ind1="2" ind2=" ">
            <subfield code="a">Bibliothèque privée de S. M. le roi Mụhammad *Z48¯ahir Š¯ah</subfield>
            <subfield code="c">Kaboul</subfield>
            <subfield code="g">AFG-Kpr</subfield>
        </datafield>
        <datafield tag="622" ind1=" " ind2=" ">
            <subfield code="e">Bibliothèque privée de S. M. le roi, Mụhammad Z48¯ahir Š¯ah, AFG-Kaboul</subfield>
        </datafield>
    </record>
</collection>

